<record><leader>01626cam a2200409 a 4500</leader><controlfield tag="001">6786611</controlfield><controlfield tag="003">OCoLC</controlfield><controlfield tag="005">20150106100647.0</controlfield><controlfield tag="008">130806t20152015caua     b    001 0 eng d</controlfield><datafield ind1=" " ind2=" " tag="020"><subfield code="a">9781452270258</subfield><subfield code="q">pbk.</subfield></datafield><datafield ind1=" " ind2=" " tag="020"><subfield code="a">1452270252</subfield><subfield code="q">pbk.</subfield></datafield><datafield ind1=" " ind2=" " tag="035"><subfield code="a">ocn897564391</subfield></datafield><datafield ind1=" " ind2=" " tag="040"><subfield code="a">YDXCP</subfield><subfield code="b">eng</subfield><subfield code="c">YDXCP</subfield><subfield code="d">OCLCQ</subfield><subfield code="d">CLE</subfield><subfield code="d">UAB</subfield></datafield><datafield ind1=" " ind2="4" tag="050"><subfield code="a">Q181</subfield><subfield code="b">.K2472 2015</subfield></datafield><datafield ind1="0" ind2="4" tag="082"><subfield code="a">507.1</subfield><subfield code="2">23</subfield></datafield><datafield ind1=" " ind2=" " tag="090"><subfield code="a">Q 181 K247 2015</subfield><subfield code="b">AEU</subfield></datafield><datafield ind1="1" ind2=" " tag="100"><subfield code="a">Keeley, Page,</subfield><subfield code="e">author.</subfield></datafield><datafield ind1="1" ind2="0" tag="245"><subfield code="a">Science formative assessment.</subfield><subfield code="n">Volume 2 :</subfield><subfield code="b">50 more strategies for linking assessment, instruction, and learning /</subfield><subfield code="c">Page Keeley.</subfield></datafield><datafield ind1="3" ind2="0" tag="246"><subfield code="a">Fifty more strategies for linking assessment, instruction, and learning</subfield></datafield><datafield ind1=" " ind2="1" tag="264"><subfield code="a">Thousand Oaks, California :</subfield><subfield code="b">Corwin, a SAGE company,</subfield><subfield code="c">[2015]</subfield></datafield><datafield ind1=" " ind2="4" tag="264"><subfield code="c">&#169;2015</subfield></datafield><datafield ind1=" " ind2=" " tag="300"><subfield code="a">xiv, 241 pages :</subfield><subfield code="b">illustrations ;</subfield><subfield code="c">26 cm</subfield></datafield><datafield ind1=" " ind2=" " tag="336"><subfield code="a">text</subfield><subfield code="b">txt</subfield><subfield code="2">rdacontent</subfield></datafield><datafield ind1=" " ind2=" " tag="336"><subfield code="a">still image</subfield><subfield code="b">sti</subfield><subfield code="2">rdacontent</subfield></datafield><datafield ind1=" " ind2=" " tag="337"><subfield code="a">unmediated</subfield><subfield code="b">n</subfield><subfield code="2">rdamedia</subfield></datafield><datafield ind1=" " ind2=" " tag="338"><subfield code="a">volume</subfield><subfield code="b">nc</subfield><subfield code="2">rdacarrier</subfield></datafield><datafield ind1=" " ind2=" " tag="500"><subfield code="a">A joint publication with National Science Teachers Association.</subfield></datafield><datafield ind1=" " ind2=" " tag="504"><subfield code="a">Includes bibliographical references and index.</subfield></datafield><datafield ind1=" " ind2=" " tag="596"><subfield code="a">41</subfield></datafield><datafield ind1=" " ind2="0" tag="650"><subfield code="a">Science</subfield><subfield code="x">Study and teaching</subfield><subfield code="x">Evaluation.</subfield></datafield><datafield ind1=" " ind2="0" tag="650"><subfield code="a">Interaction analysis in education.</subfield></datafield><datafield ind1=" " ind2="0" tag="650"><subfield code="a">Creative ability in science.</subfield></datafield><datafield ind1=" " ind2="0" tag="650"><subfield code="a">Effective teaching.</subfield></datafield><datafield ind1=" " ind2="0" tag="650"><subfield code="a">Curriculum planning.</subfield></datafield><datafield ind1="2" ind2=" " tag="710"><subfield code="a">National Science Teachers Association,</subfield><subfield code="e">issuing body.</subfield></datafield><datafield ind1=" " ind2=" " tag="949"><subfield code="a">Q 181 K247 2015</subfield><subfield code="c">1</subfield><subfield code="h">UAED-B</subfield><subfield code="i">0162035221058</subfield></datafield><datafield ind1=" " ind2=" " tag="926"><subfield code="a">Q 181 K247 2015</subfield><subfield code="w">LC</subfield><subfield code="c">1</subfield><subfield code="i">0162035221058</subfield><subfield code="d">2/25/2015</subfield><subfield code="e">2/12/2015</subfield><subfield code="l">FLOOR_2</subfield><subfield code="m">UAEDUC</subfield><subfield code="n">1</subfield><subfield code="p">$150.00</subfield><subfield code="r">Y</subfield><subfield code="s">Y</subfield><subfield code="t">BOOK</subfield><subfield code="u">1/21/2015</subfield></datafield></record>